% Encoding: windows-1252

@techreport{ibm_redpaper_key,
  author       = {Bruni, P. and Balzano, C.},
  title        = {Converting Adabas to IBM DB2 for z/OS
with ConsistADS},
  institution  = {IBM Corporation},
  year         = {2015},
  type         = {IBM Redpaper},
  url          = {https://www.redbooks.ibm.com/redpapers/pdfs/redp5154.pdf}
}

@article{relationalnosqlcomparison,
  title={A comparative study of nosql and relational database},
  author={Kunda, Douglas and Phiri, Hazael},
  journal={Zambia ICT Journal},
  volume={1},
  number={1},
  pages={1--4},
  year={2017}
}

@article{peddireddy2023kafkadatalakebenefits,
  title={Kafka-based architecture in building data lakes for real-time data streams},
  author={Peddireddy, Kiran},
  journal={International Journal of Computer Applications},
  volume={185},
  number={9},
  pages={1--3},
  year={2023}
}

@manual{adabasconcepts,
author = {Software GmbH},
title = {Adabas},
subtitle = {Concepts and Facilities},
date = {2024-11},
language = {English},
version = {8.6.1},
organization = {Software GmbH},
pagetotal = {156},
url = {https://documentation.softwareag.com/adamf/8.6.1/en/webhelp/adamf-webhelp/}
}

@manual{reptorconcepts,
author = {Software GmbH},
title = {Event Replicator for Adabas},
subtitle = {Concepts},
date = {2024-10},
language = {English},
version = {4.2.1},
organization = {Software GmbH},
pagetotal = {56},
url = {https://documentation.softwareag.com/arf/4.2.1/en/webhelp/arf-webhelp/arf/pdf/intro.pdf}
}

@manual{artconcepts,
author = {Software GmbH},
title = {Event Replicator Target Adapter},
subtitle = {Event Replicator Target Adapter Concepts},
date = {2024-10},
language = {English},
version = {3.10},
organization = {Software GmbH},
pagetotal = {36},
url = {https://documentation.softwareag.com/arf/4.2.1/en/webhelp/arf-webhelp/arf/art/pdf/concepts.pdf}
}

@manual{reptorprogrammersref,
author = {Software GmbH},
title = {Event Replicator for Adabas},
subtitle = {Application Programmer's Reference},
date = {2024-10},
language = {English},
version = {4.2.1},
organization = {Software GmbH},
pagetotal = {106},
url = {https://documentation.softwareag.com/arf/4.2.1/en/webhelp/arf-webhelp/arf/pdf/program.pdf}
}

@article{stonebrakerwhatgoesaroundcomesaround,
  title={What goes around comes around},
  author={Stonebraker, Michael and Hellerstein, Joey},
  journal={Readings in database systems},
  volume={4},
  pages={1},
  year={2005}
}

@article{adabashybrid,
title = {Performance of a hybrid DBMS using a case study},
journal = {Journal of Systems and Software},
volume = {14},
number = {3},
pages = {199-214},
year = {1991},
issn = {0164-1212},
doi = {https://doi.org/10.1016/0164-1212(91)90066-F},
url = {https://www.sciencedirect.com/science/article/pii/016412129190066F},
author = {Narasimhaiah Gorla}
}

@book{storr2011reptor,
  title={Efficient Usage of Adabas Replication: A Practical Solution Finder},
  author={Storr, Dieter W},
  year={2011},
  publisher={Springer Science \& Business Media}
}

@incollection{aebi1996reengineering,
  title={Reengineering library data: the long way from ADABAS to UNIMARC},
  author={Aebi, Daniel and Largo, Reto},
  booktitle={Database Reengineering and Interoperability},
  pages={69--80},
  year={1996},
  publisher={Springer}
}

@book{storr1994effizienter,
  title={Effizienter DB-Einsatz von ADABAS},
  author={Storr, Dieter W},
  year={1994},
  publisher={Springer}
}

@online{entirexbrokeradmin,
  organization = {Super iPaaS Integration LLC, an IBM Company},
  title        = {IBM EntireX: Platform-independent Administration Topics},
  year         = {2025},
  url          = {https://docs.webmethods.io/on-premises/entirex/en/11.1.0/webhelp/index.html#page/exx-webhelp%2FEexx-admin_general_platform-independent_administration_topics.html%23},
  note         = {Version 11.1. Accessed: 2025-01-06}
}

@online{entirexbrokerintro,
  organization = {Super iPaaS Integration LLC, an IBM Company},
  title        = {Introduction to IBM EntireX},
  year         = {2025},
  url          = {https://docs.webmethods.io/on-premises/entirex/en/11.1.0/webhelp/index.html#page/exx-webhelp%2FEexx-concepts_introduction_to_webmethods_entirex1.html%23},
  note         = {Version 11.1. Accessed: 2025-01-06}
}

@inproceedings{nicola2003xml,
  title={Xml parsing: a threat to database performance},
  author={Nicola, Matthias and John, Jasmi},
  booktitle={Proceedings of the twelfth international conference on Information and knowledge management},
  pages={175--178},
  year={2003}
}

@article{thein2014apache,
  title={Apache kafka: Next generation distributed messaging system},
  author={Thein, Khin Me Me},
  journal={International Journal of Scientific Engineering and Technology Research},
  volume={3},
  number={47},
  pages={9478--9483},
  year={2014}
}

@INPROCEEDINGS{peddireddystreamliningprocessingkafka,
  author={Peddireddy, Kiran},
  booktitle={2023 11th International Symposium on Digital Forensics and Security (ISDFS)}, 
  title={Streamlining Enterprise Data Processing, Reporting and Realtime Alerting using Apache Kafka}, 
  year={2023},
  pages={1-4},
  doi={10.1109/ISDFS58141.2023.10131800}
}

@inproceedings{kreps2011kafka,
  title={Kafka: A distributed messaging system for log processing},
  author={Kreps, Jay and Narkhede, Neha and Rao, Jun and others},
  booktitle={Proceedings of the NetDB},
  volume={11},
  number={2011},
  pages={1--7},
  year={2011},
  organization={Athens, Greece}
}

@online{kafkadocumentation,
  author = {Apache Software Foundation},
  title        = {Apache Kafka 3.9 Documentation},
  year         = {2024},
  url          = {https://kafka.apache.org/documentation/},
  note         = {Accessed: 2025-01-07}
}

@inproceedings{ongaroraft2014search,
  title={In search of an understandable consensus algorithm},
  author={Ongaro, Diego and Ousterhout, John},
  booktitle={2014 USENIX annual technical conference (USENIX ATC 14)},
  pages={305--319},
  year={2014}
}

@article{petrescukafkaraft,
	author = {M. Petrescu and R. Petrescu},
	title = {Log Replication in Raft vs Kafka},
	journal = {Studia Universitatis Babeș-Bolyai Informatica},
	volume = {65},
	number = {2},
	year = {2020},
	issn = {2065-9601},	pages = {66--77},	doi = {10.24193/subbi.2020.2.05},
	url = {https://www.cs.ubbcluj.ro/~studia-i/journal/journal/article/view/59}
}

@book{maison2023kafkaconnect,
  title={Kafka Connect},
  author={Maison, M. and Stanley, K.},
  isbn={9781098126506},
  url={https://books.google.de/books?id=KEvYEAAAQBAJ},
  year={2023},
  publisher={O'Reilly Media}
}

@INPROCEEDINGS{adilaoptimizationkafkaconnect,
  author={Adila, Rida and Nusantara, Adetiya Bagus and Yuhana, Umi Laili},
  booktitle={2023 6th International Seminar on Research of Information Technology and Intelligent Systems (ISRITI)}, 
  title={Optimization Techniques for Data Consistency and Throughput Using Kafka Stateful Stream Processing}, 
  year={2023},
  pages={480-485},
  doi={10.1109/ISRITI60336.2023.10467675}
}

@INPROCEEDINGS{srijithkafkaconnectperformance,
  author={Srijith and R, Karan Bantia and N, Govardhan and R, Anala M},
  booktitle={2022 IEEE 13th International Conference on Software Engineering and Service Science (ICSESS)}, 
  title={Inter-Service Communication among Microservices using Kafka Connect}, 
  year={2022},
  pages={43-47},
  doi={10.1109/ICSESS54813.2022.9930270}
}

@inproceedings{ozhan1996making,
  title={Making Oracle7, Sybase, and Adabas D Interoperable Through CORBA: MIND Project},
  author={Ozhan, Gokhan and Dogac, Asuman and Kilic, Ebru and Ozcan, Fatma and Nural, Sena and Dengi, Cevdet and Halici, Ugur and Arpinar, Budak and Koksal, Pinar and Mancuhan, Sema and others},
  booktitle={Proc. of European Oracle User Group Conference},
  pages={1047--1058},
  year={1996}
}

@article{fallofcorba,
author = {Henning, Michi},
title = {The rise and fall of CORBA},
year = {2008},
issue_date = {August 2008},
publisher = {Association for Computing Machinery},
address = {New York, NY, USA},
volume = {51},
number = {8},
issn = {0001-0782},
url = {https://doi.org/10.1145/1378704.1378718},
doi = {10.1145/1378704.1378718},
journal = {Commun. ACM},
month = aug,
pages = {52–57},
numpages = {6}
}

@INPROCEEDINGS{kafkadatabaseinverted,
  author={Rooney, Sean and Urbanetz, Peter and Giblin, Chris and Bauer, Daniel and Froese, Florian and Garcés-Erice, Luis and Tomić, Saša},
  booktitle={2019 IEEE International Conference on Big Data (Big Data)}, 
  title={Kafka: the Database Inverted, but Not Garbled or Compromised}, 
  year={2019},
  volume={},
  number={},
  pages={3874-3880},
  doi={10.1109/BigData47090.2019.9005583}
}

@online{jdbcsinkdocumentation,
  author = {Confluent Inc.},
  title        = {JDBC Sink Connector for Confluent Platform},
  url          = {https://docs.confluent.io/kafka-connectors/jdbc/current/sink-connector/},
  note         = {Version 10.8. Accessed: 2025-01-15}
}

@article{nookala2022distributedshift,
  title={The Shift Towards Distributed Data Architectures in Cloud Environments},
  author={Nookala, Guruprasad and Gade, Kishore Reddy and Dulam, Naresh and Thumburu, Sai Kumar Reddy},
  journal={Innovative Computer Sciences Journal},
  volume={8},
  number={1},
  year={2022}
}

@INPROCEEDINGS{optimizingkafkacap,
  author={Das, Swarnabha and Goswami, Sujay and C N, Subalalitha},
  booktitle={2023 14th International Conference on Computing Communication and Networking Technologies (ICCCNT)}, 
  title={Optimizing Apache Kafka Deployments - Configuration customization is all you need}, 
  year={2023},
  volume={},
  number={},
  pages={1-9},
  doi={10.1109/ICCCNT56998.2023.10307242}
}

@inproceedings{wang2021consistency,
  title={Consistency and completeness: Rethinking distributed stream processing in apache kafka},
  author={Wang, Guozhang and Chen, Lei and Dikshit, Ayusman and Gustafson, Jason and Chen, Boyang and Sax, Matthias J and Roesler, John and Blee-Goldman, Sophie and Cadonna, Bruno and Mehta, Apurva and others},
  booktitle={Proceedings of the 2021 international conference on management of data},
  pages={2602--2613},
  year={2021}
}

@INPROCEEDINGS{kafkamonitoringgrafana,

  author={Aung, Thandar and Zaw, Hnin Thiri and Maw, Aung Htein and Mon, Myat Thida},

  booktitle={2024 5th International Conference on Advanced Information Technologies (ICAIT)}, 

  title={Comprehensive Analysis: Monitoring Apache Kafka with Grafana, JMX Exporter, and Prometheus}, 

  year={2024},

  pages={1-6},
  doi={10.1109/ICAIT65209.2024.10754944}
}

@INPROCEEDINGS{applicationmonitoringkafka,

  author={S P, Sreemathy and Kumar C, Vijay and P, Sugantha Priyadharshini},

  booktitle={2024 7th International Conference on Circuit Power and Computing Technologies (ICCPCT)}, 

  title={Application Monitoring and Telemetry Analytics}, 

  year={2024},

  volume={1},

  pages={1559-1565},


  doi={10.1109/ICCPCT61902.2024.10673415}
}

@inproceedings{cerezo2021analysisparallelism,
  title={An analysis of software parallelism in big data technologies for data-intensive architectures},
  author={Cerezo, Felipe and Cuesta, Carlos E and Vela, Bel{\'e}n},
  booktitle={European Conference on Software Architecture},
  pages={181--188},
  year={2021},
  organization={Springer}
}

@inproceedings{dobbelaerekafkavsrabbitmq,
author = {Dobbelaere, Philippe and Esmaili, Kyumars Sheykh},
title = {Kafka versus RabbitMQ: A comparative study of two industry reference publish/subscribe implementations: Industry Paper},
year = {2017},
isbn = {9781450350655},
publisher = {Association for Computing Machinery},
address = {New York, NY, USA},
url = {https://doi.org/10.1145/3093742.3093908},
doi = {10.1145/3093742.3093908},
booktitle = {Proceedings of the 11th ACM International Conference on Distributed and Event-Based Systems},
pages = {227–238},
numpages = {12},
location = {Barcelona, Spain},
series = {DEBS '17}
}

@INPROCEEDINGS{sanjanaenterprise,
  author={N, Sanjana and Raj, Sinchana and H, Vishalakshi Prabhu and S, Sandhya},
  booktitle={2023 3rd Asian Conference on Innovation in Technology (ASIANCON)}, 
  title={Real-time Event Streaming for Financial Enterprise System with Kafka}, 
  year={2023},
  pages={1-6},
  doi={10.1109/ASIANCON58793.2023.10270532}
}

@INPROCEEDINGS{padmanabankafkabigdataeventstreaming,
  author={Padmanaban, K and Ganesh Babu, T. R. and Karthika, K. and Pattanaik, Balachandra and K, Dhanabhavithra and Srinivasan, C.},
  booktitle={2024 8th International Conference on I-SMAC (IoT in Social, Mobile, Analytics and Cloud) (I-SMAC)}, 
  title={Apache Kafka on Big Data Event Streaming for Enhanced Data Flows}, 
  year={2024},
  pages={977-983},
  doi={10.1109/I-SMAC61858.2024.10714884}
}

@article{aftabnosqletltordbms,
author = {Aftab, Zain and Iqbal, Waheed and Almustafa, Khaled Mohamad and Bukhari, Faisal and Abdullah, Muhammad},
title = {Automatic NoSQL to Relational Database Transformation with Dynamic Schema Mapping},
journal = {Scientific Programming},
volume = {2020},
number = {1},
pages = {8813350},
doi = {https://doi.org/10.1155/2020/8813350},
url = {https://onlinelibrary.wiley.com/doi/abs/10.1155/2020/8813350},
year = {2020}
}

